@misc {
  W3C2021,
  author = {W3C},
  title = {日本語組版処理の要件（日本語版）},
  note = {\url{https://www.w3.org/TR/2012/NOTE-jlreq-20120403/ja/\#term.composition}},
  year = {2023}
}

@misc {
  IEE,
  author = {一般社団法人 電気学会},
  title = {原稿の書き方｜一般社団法人 電気学会},
  note = {\url{http://www.iee.jp/tech_mtg/howto/}},
  year = {2023}
}

@misc {
  IPSJ,
  author = {一般社団法人 情報処理学会},
  title = {LaTeXスタイルファイル、MS-Wordテンプレートファイル 情報処理学会},
  note = {\url{https://www.ipsj.or.jp/journal/submit/style.html}},
  year = {2023}
}

@misc {
  JSME,
  author = {一般社団法人 日本機械学会},
  title = {日本機械学会論文集},
  note = {\url{https://www.jsme.or.jp/publish/transact/Japanese-Template-mihon.pdf}},
  year = {2023}
}

@misc {
  BibTeXQiita,
  author = {Masaya Suzuki},
  title = {BiBTeXとは},
  note = {\url{https://qiita.com/SUZUKI_Masaya/items/14f9727845e020f8e7e9}},
  year = {2023}
}

@misc {
  BibTeXNarajo,
  author = {奈良女子大学},
  title = {BibTeXの使い方・簡易資料},
  note = {\url{https://blackknight.ics.nara-wu.ac.jp/pub/doc/bibtex.pdf}},
  year = {2023}
}