@article{1050300832959826944,
author="谷口, 元仁 and 福田, 直樹",
title="Social Mediaへの的確な返信支援のための大規模言語モデルに基づく「本論に合わない返信」生成機構の試作",
journal="第86回全国大会講演論文集",
year="2024",
month="03",
volume="2024",
number="1",
pages="135-136",
URL="https://cir.nii.ac.jp/crid/1050300832959826944"
}

@book{digitalcommunication,
author="岩波, 保則",
title="改訂 ディジタル通信",
publisher="コロナ社",
year="2019"
}